<?xml version="1.0" encoding="UTF-8"?><record xmlns="http://www.loc.gov/MARC21/slim" xmlns:cinclude="http://apache.org/cocoon/include/1.0" xmlns:zs="http://www.loc.gov/zing/srw/">
  <leader>01016nz  a2200229n  4500</leader>
  <controlfield tag="001">no2012158146</controlfield>
  <controlfield tag="003">DLC</controlfield>
  <controlfield tag="005">20121217102935.0</controlfield>
  <controlfield tag="008">121214n| azannaabn          |n aaa     c</controlfield>
  <datafield tag="010" ind1=" " ind2=" ">
    <subfield code="a">no2012158146</subfield>
  </datafield>
  <datafield tag="035" ind1=" " ind2=" ">
    <subfield code="a">(OCoLC)oca09367506</subfield>
  </datafield>
  <datafield tag="040" ind1=" " ind2=" ">
    <subfield code="a">WlAbNL</subfield>
    <subfield code="b">eng</subfield>
    <subfield code="c">WlAbNL</subfield>
    <subfield code="e">rda</subfield>
  </datafield>
  <datafield tag="046" ind1=" " ind2=" ">
    <subfield code="s">19</subfield>
  </datafield>
  <datafield tag="100" ind1="1" ind2=" ">
    <subfield code="a">Hamon, Lindsay</subfield>
  </datafield>
  <datafield tag="370" ind1=" " ind2=" ">
    <subfield code="e">Cornwall, England</subfield>
    <subfield code="f">London, England</subfield>
  </datafield>
  <datafield tag="372" ind1=" " ind2=" ">
    <subfield code="a">Christianity</subfield>
    <subfield code="a">Open-air preaching</subfield>
    <subfield code="a">Evangelistic work</subfield>
    <subfield code="a">Mentoring in church work</subfield>
    <subfield code="2">lcsh</subfield>
  </datafield>
  <datafield tag="373" ind1=" " ind2=" ">
    <subfield code="a">Camborne Elim Centre</subfield>
    <subfield code="s">1982</subfield>
  </datafield>
  <datafield tag="374" ind1=" " ind2=" ">
    <subfield code="a">Evangelists</subfield>
    <subfield code="a">Christian educators</subfield>
    <subfield code="2">lcsh</subfield>
  </datafield>
  <datafield tag="375" ind1=" " ind2=" ">
    <subfield code="a">male</subfield>
  </datafield>
  <datafield tag="377" ind1=" " ind2=" ">
    <subfield code="a">eng</subfield>
  </datafield>
  <datafield tag="670" ind1=" " ind2=" ">
    <subfield code="a">When God takes over, 2012:</subfield>
    <subfield code="b">t.p. (Lindsay Hamon) outside back cover (has spent over 30 years sharing the Gospel ; spent 4 years preaching on the streets of inner city London)</subfield>
  </datafield>
  <datafield tag="670" ind1=" " ind2=" ">
    <subfield code="a">Lindsay Hamon WWW site, viewed 11 Dec. 2012</subfield>
    <subfield code="b">(Lindsay Hamon ; lives in Cornwall ; member of the Camborne Elim Centre since 1982 and currently serving on the Leadership Team ; involved in street evangelism training)</subfield>
  </datafield>
</record>